@article{LearningByDoing,
  author = {Dmitry A. Novikov},
  title = {Collective learning-by-doing},
  journal = {Institute of Control Sciences, Russian Academy of Sciences},
  year = {2012},
}

@article{BeeColonyOptimization,
  author={Jacobus C. Biesmeijer, Han de Vries},
  title={Modelling collective foraging by means of individual behaviour rules
in honey-bees},
  year={1998},
}

@article{ImpactOfSocialMediaOnCollectiveLearning,
  author={Khalid Abdul Wahid, Ghazali Osman, Mohd Nasir Ismail, Wan Saiful‘Azzam Wan Ismail, IbhrahimZakaria},
  title={Impact of social media on collective learning},
}

@article{ConceptualizingCollectiveLearning,
  author={Antony Otiego Ong'ayo,Joseph Jr. Seh,Danielle de Winter,Basco Fernandez},
  title={Conceptualizing collective learning and knowledge building in the context of migration and development},
}

@article{WavesModelOfCollectiveLearning,
  author={Lise-Marie Veillon,Gauvain Bourgne,Henry Soldano},
  title={Waves : a Model of Collective Learning},
}

@misc{TurkusoweZarzadzanie,
  howpublished = "\url{https://pl.wikipedia.org/wiki/Turkusowe_zarz\%C4\%85dzanie}"
}

@book{ReinventingOrganizations,
  author={Frederic Laloux},
  title={Reinventing Organizations},
  year={2014},
}

@misc{EksperymentWiezienny,
  howpublished = "\url{https://pl.wikipedia.org/wiki/Eksperyment_wi\%C4\%99zienny}"
}

@misc{EksperymentSetnejMalpy,
  howpublished = "\url{https://www.odkrywamyzakryte.com/efekt-setnej-malpy}"
}

@article{Multiagentsystemsandrolegamescollectivelearningprocessesforecosystemmanagement,
  author = {F. Bousquet,O. Barreteau,P. d’Aquino,M. Etienne,S. Boissau,S. Aubert,C. Le Page,D. Babin,J.C. Castella, },
  title = {Multi-agent systems and role games:collective learning processes for ecosystem management},
  year = {2012},
}
